<record><leader>00000cas a22000007a 4500</leader><controlfield tag="001">24664266</controlfield><controlfield tag="008">911101d18891892ohumn ne      0    0eng d</controlfield><datafield ind1=" " ind2=" " tag="010"><subfield code="a">sn 91069860 </subfield></datafield><datafield ind1=" " ind2=" " tag="040"><subfield code="a">ONP</subfield><subfield code="b">eng</subfield><subfield code="c">ONP</subfield><subfield code="d">OCLCQ</subfield></datafield><datafield ind1=" " ind2=" " tag="042"><subfield code="a">msc</subfield></datafield><datafield ind1="0" ind2="4" tag="245"><subfield code="a">The Mt. Union dynamo (Mount Union, Ohio).</subfield></datafield><datafield ind1="3" ind2="0" tag="246"><subfield code="a">Mount Union dynamo</subfield></datafield><datafield ind1=" " ind2=" " tag="260"><subfield code="a">Mt. Union, Ohio :</subfield><subfield code="b">[s.n.],</subfield><subfield code="c">1889-1892.</subfield></datafield><datafield ind1=" " ind2=" " tag="300"><subfield code="a">v.</subfield></datafield><datafield ind1=" " ind2=" " tag="310"><subfield code="a">Monthly (except Aug.)</subfield></datafield><datafield ind1="0" ind2=" " tag="362"><subfield code="a">Vol. 1, no. 1 (July 20, 1889)-v. 4, no. 3 (Nov. 1892).</subfield></datafield><datafield ind1=" " ind2=" " tag="500"><subfield code="a">Published by the students of Mount Union College.</subfield></datafield><datafield ind1=" " ind2=" " tag="752"><subfield code="a">United States</subfield><subfield code="b">Ohio</subfield><subfield code="c">Stark</subfield><subfield code="d">Mount Union.</subfield></datafield><datafield ind1=" " ind2=" " tag="752"><subfield code="a">United States</subfield><subfield code="b">Ohio</subfield><subfield code="c">Stark</subfield><subfield code="d">Alliance.</subfield></datafield><datafield ind1="0" ind2="0" tag="780"><subfield code="t">Dynamo (Alliance, Ohio : 1892)</subfield><subfield code="w">(DLC)sn 91069861</subfield></datafield></record>